% Encoding: UTF-8

@Book{willj,
  author  = {Stewart, William J.},
  title   = {PROBABILITY, MARKOV CHAINS,QUEUES, AND SIMULATION},
  year    = {2009},
  journal = {Princeton University Press},
}

@Book{quenet,
  author    = {Bolch, Gunter and Greiner, Stefan and de Meer, Hermann and Trivedi, Kishor S.},
  publisher = {Wiley-Interscience},
  title     = {Queueing Networks and Markov Chains: Modeling and Performance Evaluation with Computer Science Applications},
  year      = {1998},
  address   = {USA},
  isbn      = {0471193666},
}

@Book{He2014,
  author    = {Qi-Ming He},
  publisher = {Springer New York},
  title     = {Fundamentals of Matrix-Analytic Methods},
  year      = {2014},
  doi       = {10.1007/978-1-4614-7330-5},
}

@Article{Lakshmi2013,
  author    = {C. Lakshmi and Sivakumar Appa Iyer},
  journal   = {Operations Research for Health Care},
  title     = {Application of queueing theory in health care: A literature review},
  year      = {2013},
  month     = {mar},
  number    = {1-2},
  pages     = {25--39},
  volume    = {2},
  doi       = {10.1016/j.orhc.2013.03.002},
  publisher = {Elsevier {BV}},
}

@Article{Mell2017,
  author    = {Howard K. Mell and Shannon N. Mumma and Brian Hiestand and Brendan G. Carr and Tara Holland and Jason Stopyra},
  journal   = {{JAMA} Surgery},
  title     = {Emergency Medical Services Response Times in Rural, Suburban, and Urban Areas},
  year      = {2017},
  month     = {oct},
  number    = {10},
  pages     = {983},
  volume    = {152},
  doi       = {10.1001/jamasurg.2017.2230},
  publisher = {American Medical Association ({AMA})},
}

@Article{Lam2015,
  author    = {Sean Shao Wei Lam and Ji Zhang and Zhong Cheng Zhang and Hong Choon Oh and Jerry Overton and Yih Yng Ng and Marcus Eng Hock Ong},
  journal   = {The American Journal of Emergency Medicine},
  title     = {Dynamic ambulance reallocation for the reduction of ambulance response times using system status management},
  year      = {2015},
  month     = {feb},
  number    = {2},
  pages     = {159--166},
  volume    = {33},
  doi       = {10.1016/j.ajem.2014.10.044},
  publisher = {Elsevier {BV}},
}

@Article{Pons2002,
  author    = {Peter T Pons and Vincent J Markovchick},
  journal   = {The Journal of Emergency Medicine},
  title     = {Eight minutes or less: does the ambulance response time guideline impact trauma patient outcome?},
  year      = {2002},
  month     = {jul},
  number    = {1},
  pages     = {43--48},
  volume    = {23},
  doi       = {10.1016/s0736-4679(02)00460-2},
  publisher = {Elsevier {BV}},
}

@Article{Lee2019,
  author    = {Dong Wook Lee and Hyung Jun Moon and Nam Hun Heo},
  journal   = {The American Journal of Emergency Medicine},
  title     = {Association between ambulance response time and neurologic outcome in patients with cardiac arrest},
  year      = {2019},
  month     = {nov},
  number    = {11},
  pages     = {1999--2003},
  volume    = {37},
  doi       = {10.1016/j.ajem.2019.02.021},
  publisher = {Elsevier {BV}},
}

@Article{Carvalho2020,
  author    = {A.S. Carvalho and M.E. Captivo and I. Marques},
  journal   = {European Journal of Operational Research},
  title     = {Integrating the ambulance dispatching and relocation problems to maximize system's preparedness},
  year      = {2020},
  month     = {jun},
  number    = {3},
  pages     = {1064--1080},
  volume    = {283},
  doi       = {10.1016/j.ejor.2019.11.056},
  publisher = {Elsevier {BV}},
}

@Article{Brown1999,
  author    = {LH Brown and RC Hunt and CL Whitney and T Hogue and M Addario},
  journal   = {Annals of Emergency Medicine},
  title     = {Do warning lights and sirens reduce ambulance response times?},
  year      = {1999},
  month     = {oct},
  number    = {4},
  pages     = {S16},
  volume    = {34},
  doi       = {10.1016/s0196-0644(99)80141-3},
  publisher = {Elsevier {BV}},
}

@Article{Mendonca2001,
  author    = {F C Mendon{\c{c}}a and R Morabito},
  journal   = {Journal of the Operational Research Society},
  title     = {Analysing emergency medical service ambulance deployment on a Brazilian highway using the hypercube model},
  year      = {2001},
  month     = {mar},
  number    = {3},
  pages     = {261--270},
  volume    = {52},
  doi       = {10.1057/palgrave.jors.2601097},
  publisher = {Informa {UK} Limited},
}

@Article{Larson1974,
  author    = {Richard C. Larson},
  journal   = {Computers {\&}amp$\mathsemicolon$ Operations Research},
  title     = {A hypercube queuing model for facility location and redistricting in urban emergency services},
  year      = {1974},
  month     = {mar},
  number    = {1},
  pages     = {67--95},
  volume    = {1},
  doi       = {10.1016/0305-0548(74)90076-8},
  publisher = {Elsevier {BV}},
}

@Article{Green2007,
  author    = {Linda V. Green and Peter J. Kolesar and Ward Whitt},
  journal   = {Production and Operations Management},
  title     = {Coping with Time-Varying Demand When Setting Staffing Requirements for a Service System},
  year      = {2007},
  month     = {jan},
  number    = {1},
  pages     = {13--39},
  volume    = {16},
  doi       = {10.1111/j.1937-5956.2007.tb00164.x},
  publisher = {Wiley},
}

@Article{Bekker2016,
  author    = {Ren{\'{e}} Bekker and Ger Koole and Dennis Roubos},
  journal   = {Health Care Management Science},
  title     = {Flexible bed allocations for hospital wards},
  year      = {2016},
  month     = {apr},
  number    = {4},
  pages     = {453--466},
  volume    = {20},
  doi       = {10.1007/s10729-016-9364-4},
  publisher = {Springer Science and Business Media {LLC}},
}

@Article{Belciug2015,
  author    = {Smaranda Belciug and Florin Gorunescu},
  journal   = {Journal of Biomedical Informatics},
  title     = {Improving hospital bed occupancy and resource utilization through queuing modeling and evolutionary computation},
  year      = {2015},
  month     = {feb},
  pages     = {261--269},
  volume    = {53},
  doi       = {10.1016/j.jbi.2014.11.010},
  publisher = {Elsevier {BV}},
}

@Article{Gorunescu2002,
  author    = {Florin Gorunescu and Sally I. McClean and Peter H. Millard},
  journal   = {Health Care Management Science},
  year      = {2002},
  number    = {4},
  pages     = {307--312},
  volume    = {5},
  doi       = {10.1023/a:1020342509099},
  publisher = {Springer Science and Business Media {LLC}},
}

@Article{McQuarrie1983,
  author  = {D.G. McQuarrie},
  journal = {Minnesota Medicine},
  title   = {Hospitalization utilization level: The application of queuing theory to a controversial medical economic problem},
  year    = {1983},
  number  = {66},
  pages   = {679-686},
}

@Article{Bagust1999,
  author    = {A. Bagust and M. Place and J. W Posnett},
  journal   = {{BMJ}},
  title     = {Dynamics of bed use in accommodating emergency admissions: stochastic simulation model},
  year      = {1999},
  month     = {jul},
  number    = {7203},
  pages     = {155--158},
  volume    = {319},
  doi       = {10.1136/bmj.319.7203.155},
  publisher = {{BMJ}},
}

@Article{HORROCKS1986,
  author    = {PETER HORROCKS},
  journal   = {Age and Ageing},
  title     = {{THE} {COMPONENTS} {OF} A {COMPREHENSIVE} {DISTRICT} {HEALTH} {SERVICE} {FOR} {ELDERLY} {PEOPLE}{\textemdash}A {PERSONAL} {VIEW}},
  year      = {1986},
  number    = {6},
  pages     = {321--342},
  volume    = {15},
  doi       = {10.1093/ageing/15.6.321},
  publisher = {Oxford University Press ({OUP})},
}

@Article{Zonderland2009,
  author    = {Maartje E. Zonderland and Fredrik Boer and Richard J. Boucherie and Annemiek de Roode and Jack W. van Kleef},
  journal   = {Anesthesia & Analgesia},
  title     = {Redesign of a University Hospital Preanesthesia Evaluation Clinic Using a Queuing Theory Approach},
  year      = {2009},
  month     = {nov},
  number    = {5},
  pages     = {1612--1621},
  volume    = {109},
  doi       = {10.1213/ane.0b013e3181b921e7},
  publisher = {Ovid Technologies (Wolters Kluwer Health)},
}

@Article{Klei2002,
  author    = {Wilton A. van Klei and Karel G.M. Moons and Charles L.G. Rutten and Anke Schuurhuis and Johannes T.A. Knape and Cornelis J. Kalkman and Diederick E. Grobbee},
  journal   = {Anesthesia & Analgesia},
  title     = {The Effect of Outpatient Preoperative Evaluation of Hospital Inpatients on Cancellation of Surgery and Length of Hospital Stay},
  year      = {2002},
  month     = {mar},
  number    = {3},
  pages     = {644--649},
  volume    = {94},
  doi       = {10.1097/00000539-200203000-00030},
  publisher = {Ovid Technologies (Wolters Kluwer Health)},
}

@Article{Jiang2007,
  author    = {Lixiang Jiang and Ronald E. Giachetti},
  journal   = {Health Care Management Science},
  title     = {A queueing network model to analyze the impact of parallelization of care on patient cycle time},
  year      = {2007},
  month     = {dec},
  number    = {3},
  pages     = {248--261},
  volume    = {11},
  doi       = {10.1007/s10729-007-9040-9},
  publisher = {Springer Science and Business Media {LLC}},
}

@Article{Hershey1981,
  author    = {John C. Hershey and Elliott N. Weiss and Morris A. Cohen},
  journal   = {Operations Research},
  title     = {A Stochastic Service Network Model with Application to Hospital Facilities},
  year      = {1981},
  month     = {feb},
  number    = {1},
  pages     = {1--22},
  volume    = {29},
  doi       = {10.1287/opre.29.1.1},
  publisher = {Institute for Operations Research and the Management Sciences ({INFORMS})},
}

@Article{Franco2022,
  author    = {Carlos Franco and Nilson Herazo-Padilla and Jaime Andr{\'{e}}s Casta{\~{n}}eda},
  journal   = {Vaccine},
  title     = {A queueing Network approach for capacity planning and patient Scheduling: A case study for the {COVID}-19 vaccination process in Colombia},
  year      = {2022},
  month     = {nov},
  number    = {49},
  pages     = {7073--7086},
  volume    = {40},
  doi       = {10.1016/j.vaccine.2022.09.079},
  publisher = {Elsevier {BV}},
}

@Article{Wang2022,
  author    = {Binhua Wang and Yuan Ping},
  journal   = {Health Policy},
  title     = {A comparative analysis of {COVID}-19 vaccination certificates in 12 countries/regions around the world: Rationalising health policies for international travel and domestic social activities during the pandemic},
  year      = {2022},
  month     = {aug},
  number    = {8},
  pages     = {755--762},
  volume    = {126},
  doi       = {10.1016/j.healthpol.2022.05.016},
  publisher = {Elsevier {BV}},
}

@Article{Caserotti2022,
  author    = {Marta Caserotti and Teresa Gavaruzzi and Paolo Girardi and Roberta Sellaro and Enrico Rubaltelli and Alessandra Tasso and Lorella Lotto},
  journal   = {Vaccine},
  title     = {People's perspectives about {COVID}-19 vaccination certificate: Findings from a representative Italian sample},
  year      = {2022},
  month     = {dec},
  number    = {51},
  pages     = {7406--7414},
  volume    = {40},
  doi       = {10.1016/j.vaccine.2022.08.016},
  publisher = {Elsevier {BV}},
}

@Article{Petersen2021,
  author    = {Eskild Petersen and Daniel Lucey and Lucille Blumberg and Laura D. Kramer and Seif Al-Abri and Shui Shan Lee and Tatiana de Castro Abreu Pinto and Christina W. Obiero and Alfonso J. Rodriguez-Morales and Richard Yapi and Aisha Abubakar and Paul Anantharajah Tambyah and Allison Holmes and Lin H. Chen},
  journal   = {International Journal of Infectious Diseases},
  title     = {{COVID}-19 vaccines under the International Health Regulations {\textendash} We must use the {WHO} International Certificate of Vaccination or Prophylaxis},
  year      = {2021},
  month     = {mar},
  pages     = {175--177},
  volume    = {104},
  doi       = {10.1016/j.ijid.2021.01.039},
  publisher = {Elsevier {BV}},
}

@Article{Cildoz2019,
  author    = {Marta Cildoz and Amaia Ibarra and Fermin Mallor},
  journal   = {Operations Research for Health Care},
  title     = {Accumulating priority queues versus pure priority queues for managing patients in emergency departments},
  year      = {2019},
  month     = {dec},
  pages     = {100224},
  volume    = {23},
  doi       = {10.1016/j.orhc.2019.100224},
  publisher = {Elsevier {BV}},
}

@Article{Cooke2002,
  author    = {M W Cooke},
  journal   = {Emergency Medicine Journal},
  title     = {The effect of a separate stream for minor injuries on accident and emergency department waiting times},
  year      = {2002},
  month     = {jan},
  number    = {1},
  pages     = {28--30},
  volume    = {19},
  doi       = {10.1136/emj.19.1.28},
  publisher = {{BMJ}},
}

@Article{Nash2007,
  author    = {Kathleen Nash and Brian Zachariah and Jennifer Nitschmann and Benjamin Psencik},
  journal   = {Journal of Emergency Nursing},
  title     = {Evaluation of the Fast Track Unit of a University Emergency Department},
  year      = {2007},
  month     = {feb},
  number    = {1},
  pages     = {14--20},
  volume    = {33},
  doi       = {10.1016/j.jen.2006.08.003},
  publisher = {Elsevier {BV}},
}

@Article{Sanchez2006,
  author    = {Miquel Sanchez and Alan J. Smally and Robert J. Grant and Lenworth M. Jacobs},
  journal   = {The Journal of Emergency Medicine},
  title     = {Effects of a fast-track area on emergency department performance},
  year      = {2006},
  month     = {jul},
  number    = {1},
  pages     = {117--120},
  volume    = {31},
  doi       = {10.1016/j.jemermed.2005.08.019},
  publisher = {Elsevier {BV}},
}

@Article{Ashour2014,
  author    = {Omar M. Ashour and Gül E. Okudan Kremer},
  journal   = {Health Care Management Science},
  title     = {Dynamic patient grouping and prioritization: a new approach to emergency department flow improvement},
  year      = {2014},
  month     = {dec},
  number    = {2},
  pages     = {192--205},
  volume    = {19},
  doi       = {10.1007/s10729-014-9311-1},
  publisher = {Springer Science and Business Media {LLC}},
}

@Article{Bitran2009,
  author    = {Gabriel R. Bitran and Reinaldo Morabito},
  journal   = {Production and Operations Management},
  title     = {{STATE}-{OF}-{THE}-{ART} {SURVEY}: {OPEN} {QUEUEING} {NETWORKS}: {OPTIMIZATION} {AND} {PERFORMANCE} {EVALUATION} {MODELS} {FOR} {DISCRETE} {MANUFACTURING} {SYSTEMS}},
  year      = {2009},
  month     = {jan},
  number    = {2},
  pages     = {163--193},
  volume    = {5},
  doi       = {10.1111/j.1937-5956.1996.tb00392.x},
  publisher = {Wiley},
}

@Article{Bitran1992,
  author    = {Gabriel R. Bitran and Sriram Dasu},
  journal   = {Queueing Systems},
  title     = {A review of open queueing network models of manufacturing systems},
  year      = {1992},
  month     = {mar},
  number    = {1-2},
  pages     = {95--133},
  volume    = {12},
  doi       = {10.1007/bf01158637},
  publisher = {Springer Science and Business Media {LLC}},
}

@Article{CAYIRLI2009,
  author    = {Tugba Cayirli and Emre Veral},
  journal   = {Production and Operations Management},
  title     = {{Outpatient} {Scheduling} {in} {healthcare}: a {review} {of} {literature}},
  year      = {2009},
  month     = {jan},
  number    = {4},
  pages     = {519--549},
  volume    = {12},
  doi       = {10.1111/j.1937-5956.2003.tb00218.x},
  publisher = {Wiley},
}

@Article{Kuiper2014,
  author    = {Alex Kuiper and Benjamin Kemper and Michel Mandjes},
  journal   = {Queueing Systems},
  title     = {A Computational approach to optimized appointment scheduling},
  year      = {2014},
  month     = {apr},
  number    = {1},
  pages     = {5--36},
  volume    = {79},
  doi       = {10.1007/s11134-014-9398-6},
  publisher = {Springer Science and Business Media {LLC}},
}

@Article{Kuiper2015,
  author    = {Alex Kuiper and Michel Mandjes},
  journal   = {Omega},
  title     = {Appointment scheduling in tandem-type service systems},
  year      = {2015},
  month     = {dec},
  pages     = {145--156},
  volume    = {57},
  doi       = {10.1016/j.omega.2015.04.009},
  publisher = {Elsevier {BV}},
}

@Article{Pinedo1982,
  author    = {Michael Pinedo and Ronald W. Wolff},
  journal   = {Operations Research},
  title     = {A Comparison Between Tandem Queues with Dependent and Independent Service Times},
  year      = {1982},
  month     = {jun},
  number    = {3},
  pages     = {464--479},
  volume    = {30},
  doi       = {10.1287/opre.30.3.464},
  publisher = {Institute for Operations Research and the Management Sciences ({INFORMS})},
}

@Article{Boxma1979,
  author    = {O. J. Boxma},
  journal   = {Advances in Applied Probability},
  title     = {On a tandem queueing model with identical service times at both counters, I},
  year      = {1979},
  month     = {sep},
  number    = {3},
  pages     = {616--643},
  volume    = {11},
  doi       = {10.2307/1426958},
  publisher = {Cambridge University Press ({CUP})},
}

@Article{Andersen2023,
  author    = {Anders Reenberg Andersen and Bo Friis Nielsen and Andreas Lindhardt Plesner},
  journal   = {Healthcare Analytics},
  title     = {An approximation of the inpatient distribution in hospitals with patient relocation using Markov chains},
  year      = {2023},
  month     = {nov},
  pages     = {100145},
  volume    = {3},
  doi       = {10.1016/j.health.2023.100145},
  publisher = {Elsevier {BV}},
}

@Article{Cochran2008,
  author    = {J K Cochran and K Roche},
  journal   = {Journal of the Operational Research Society},
  title     = {A queuing-based decision support methodology to estimate hospital inpatient bed demand},
  year      = {2008},
  month     = {nov},
  number    = {11},
  pages     = {1471--1482},
  volume    = {59},
  doi       = {10.1057/palgrave.jors.2602499},
  publisher = {Informa {UK} Limited},
}

@Article{McManus2004,
  author    = {Michael~L. McManus and Michael~C. Long and Abbot Cooper and Eugene Litvak},
  journal   = {Anesthesiology},
  title     = {Queuing Theory Accurately Models the Need for Critical Care Resources},
  year      = {2004},
  month     = {may},
  number    = {5},
  pages     = {1271--1276},
  volume    = {100},
  doi       = {10.1097/00000542-200405000-00032},
  publisher = {Ovid Technologies (Wolters Kluwer Health)},
}

@Article{Bruin2009,
  author    = {A. M. de Bruin and R. Bekker and L. van Zanten and G. M. Koole},
  journal   = {Annals of Operations Research},
  title     = {Dimensioning hospital wards using the Erlang loss model},
  year      = {2009},
  month     = {oct},
  number    = {1},
  pages     = {23--43},
  volume    = {178},
  doi       = {10.1007/s10479-009-0647-8},
  publisher = {Springer Science and Business Media {LLC}},
}

@Article{Cochran2006,
  author    = {Jeffery K. Cochran and Aseem Bharti},
  journal   = {Health Care Management Science},
  title     = {Stochastic bed balancing of an obstetrics hospital},
  year      = {2006},
  month     = {feb},
  number    = {1},
  pages     = {31--45},
  volume    = {9},
  doi       = {10.1007/s10729-006-6278-6},
  publisher = {Springer Science and Business Media {LLC}},
}

@Article{Cochran2009,
  author    = {Jeffery K. Cochran and Kevin T. Roche},
  journal   = {Computers {\&}amp$\mathsemicolon$ Operations Research},
  title     = {A multi-class queuing network analysis methodology for improving hospital emergency department performance},
  year      = {2009},
  month     = {may},
  number    = {5},
  pages     = {1497--1512},
  volume    = {36},
  doi       = {10.1016/j.cor.2008.02.004},
  publisher = {Elsevier {BV}},
}

@Book{Tijms1986,
  author    = {Tijms, Henk C},
  publisher = {John Wiley \& Sons, Inc.},
  title     = {Stochastic modelling and analysis: a computational approach},
  year      = {1986},
}

@Article{Bosch2000,
  author    = {Peter M. Vanden Bosch and Dennis C. Dietz and Edward A. Pohl},
  journal   = {Communications in Statistics. Stochastic Models},
  title     = {Moment matching using a family of phase-type distributions},
  year      = {2000},
  month     = {jan},
  number    = {3-4},
  pages     = {391--398},
  volume    = {16},
  doi       = {10.1080/15326340008807595},
  publisher = {Informa {UK} Limited},
}

@Article{Bruin2007,
  author    = {Arnoud M. de Bruin and A. C. van Rossum and M. C. Visser and G. M. Koole},
  journal   = {Health Care Management Science},
  title     = {Modeling the emergency cardiac in-patient flow: an application of queuing theory},
  year      = {2007},
  month     = {apr},
  number    = {2},
  pages     = {125--137},
  volume    = {10},
  doi       = {10.1007/s10729-007-9009-8},
  publisher = {Springer Science and Business Media {LLC}},
}

@Article{BarLev2011,
  author    = {Shaul K. Bar-Lev and Hans Blanc and Onno Boxma and Guido Janssen and David Perry},
  journal   = {Methodology and Computing in Applied Probability},
  title     = {Tandem Queues with Impatient Customers for Blood Screening Procedures},
  year      = {2011},
  month     = {sep},
  number    = {2},
  pages     = {423--451},
  volume    = {15},
  doi       = {10.1007/s11009-011-9250-y},
  publisher = {Springer Science and Business Media {LLC}},
}

@Article{Elalouf2021,
  author    = {Amir Elalouf and Guy Wachtel},
  journal   = {Operations Research Forum},
  title     = {Queueing Problems in Emergency Departments: A Review of Practical Approaches and Research Methodologies},
  year      = {2021},
  month     = {dec},
  number    = {1},
  volume    = {3},
  doi       = {10.1007/s43069-021-00114-8},
  publisher = {Springer Science and Business Media {LLC}},
}

@Article{Green2001,
  author  = {Green, L. V., & Nguyen, V},
  journal = {Health services research},
  title   = {Strategies for cutting hospital beds: the impact on patient service},
  year    = {2001},
  number  = {2},
  pages   = {421–442},
  volume  = {36},
}

@Book{Kleinrock1976,
  author    = {L. Kleinrock},
  publisher = {John Wiley & Sons},
  title     = {Queueing Systems},
  year      = {1976},
  address   = {New York},
}

@Article{Koizumi2005,
  author    = {Naoru Koizumi and Eri Kuno and Tony E. Smith},
  journal   = {Health Care Management Science},
  title     = {Modeling Patient Flows Using a Queuing Network with Blocking},
  year      = {2005},
  month     = {feb},
  number    = {1},
  pages     = {49--60},
  volume    = {8},
  doi       = {10.1007/s10729-005-5216-3},
  publisher = {Springer Science and Business Media {LLC}},
}

@Article{Asaduzzaman2009,
  author    = {Md Asaduzzaman and Thierry J. Chaussalet and Nicola J. Robertson},
  journal   = {Annals of Operations Research},
  title     = {A loss network model with overflow for capacity planning of a neonatal unit},
  year      = {2009},
  month     = {may},
  number    = {1},
  pages     = {67--76},
  volume    = {178},
  doi       = {10.1007/s10479-009-0548-x},
  publisher = {Springer Science and Business Media {LLC}},
}

@Article{Kelly1991,
  author    = {F. P. Kelly},
  journal   = {The Annals of Applied Probability},
  title     = {Loss Networks},
  year      = {1991},
  month     = {aug},
  number    = {3},
  volume    = {1},
  doi       = {10.1214/aoap/1177005872},
  publisher = {Institute of Mathematical Statistics},
}

@Article{Harrison2005,
  author    = {Gary W. Harrison and Andrea Shafer and Mark Mackay},
  journal   = {Health Care Management Science},
  title     = {Modelling Variability in Hospital Bed Occupancy},
  year      = {2005},
  month     = {nov},
  number    = {4},
  pages     = {325--334},
  volume    = {8},
  doi       = {10.1007/s10729-005-4142-8},
  publisher = {Springer Science and Business Media {LLC}},
}

@Article{Gillespie2011,
  author    = {Jennifer Gillespie and Sally McClean and Bryan Scotney and Lalit Garg and Maria Barton and Ken Fullerton},
  journal   = {Health Care Management Science},
  title     = {Costing hospital resources for stroke patients using phase-type models},
  year      = {2011},
  month     = {jun},
  number    = {3},
  pages     = {279--291},
  volume    = {14},
  doi       = {10.1007/s10729-011-9170-y},
  publisher = {Springer Science and Business Media {LLC}},
}

@Article{Jones2018,
  author    = {Bruce Jones and Sally McClean and David Stanford},
  journal   = {Health Care Management Science},
  title     = {Modelling mortality and discharge of hospitalized stroke patients using a phase-type recovery model},
  year      = {2018},
  month     = {may},
  number    = {4},
  pages     = {570--588},
  volume    = {22},
  doi       = {10.1007/s10729-018-9446-6},
  publisher = {Springer Science and Business Media {LLC}},
}

@Article{Kozlowski2015,
  author    = {Dawid Kozlowski and Dave Worthington},
  journal   = {European Journal of Operational Research},
  title     = {Use of queue modelling in the analysis of elective patient treatment governed by a maximum waiting time policy},
  year      = {2015},
  month     = {jul},
  number    = {1},
  pages     = {331--338},
  volume    = {244},
  doi       = {10.1016/j.ejor.2015.01.024},
  publisher = {Elsevier {BV}},
}

@Article{Yoon2020,
  author    = {Soovin Yoon and Laura A. Albert},
  journal   = {Transportation Research Part E: Logistics and Transportation Review},
  title     = {A dynamic ambulance routing model with multiple response},
  year      = {2020},
  month     = {jan},
  pages     = {101807},
  volume    = {133},
  doi       = {10.1016/j.tre.2019.11.001},
  publisher = {Elsevier {BV}},
}

@Article{Mandell1998,
  author    = {Marvin B. Mandell},
  journal   = {Location Science},
  title     = {Covering models for two-tiered emergency medical services systems},
  year      = {1998},
  month     = {may},
  number    = {1-4},
  pages     = {355--368},
  volume    = {6},
  doi       = {10.1016/s0966-8349(98)00058-8},
  publisher = {Elsevier {BV}},
}

@Article{Siciliani2014,
  author    = {Luigi Siciliani and Valerie Moran and Michael Borowitz},
  journal   = {Health Policy},
  title     = {Measuring and comparing health care waiting times in {OECD} countries},
  year      = {2014},
  month     = {dec},
  number    = {3},
  pages     = {292--303},
  volume    = {118},
  doi       = {10.1016/j.healthpol.2014.08.011},
  publisher = {Elsevier {BV}},
}

@Misc{OECD,
  author       = {Siciliani, L., M. Borowitz, V. Moran (eds.)},
  howpublished = {OECD Health Policy Studies, OECD Publishing, Paris},
  note         = {{OECD} Health Policy Studies},
  title        = {Waiting Time Policies in the Health Sector: What Works?},
  year         = {2013},
  doi          = {10.1787/2074319x},
  publisher    = {{OECD Health Policy Studies, OECD Publishing, Paris}},
}

@Article{Belciug2016,
  author    = {Smaranda Belciug and Florin Gorunescu},
  journal   = {Artificial Intelligence in Medicine},
  title     = {A hybrid genetic algorithm-queuing multi-compartment model for optimizing inpatient bed occupancy and associated costs},
  year      = {2016},
  month     = {mar},
  pages     = {59--69},
  volume    = {68},
  doi       = {10.1016/j.artmed.2016.03.001},
  publisher = {Elsevier {BV}},
}

@Article{Li2021,
  author    = {Mengyu Li and Alix Carter and Judah Goldstein and Terence Hawco and Jan Jensen and Peter Vanberkel},
  journal   = {Omega},
  title     = {Determining ambulance destinations when facing offload delays using a Markov decision process},
  year      = {2021},
  month     = {jun},
  pages     = {102251},
  volume    = {101},
  doi       = {10.1016/j.omega.2020.102251},
  publisher = {Elsevier {BV}},
}

@Article{Li2018,
  author    = {Mengyu Li and Peter Vanberkel and Alix J. E. Carter},
  journal   = {Health Care Management Science},
  title     = {A review on ambulance offload delay literature},
  year      = {2018},
  month     = {jul},
  number    = {4},
  pages     = {658--675},
  volume    = {22},
  doi       = {10.1007/s10729-018-9450-x},
  publisher = {Springer Science and Business Media {LLC}},
}

@Article{Osorio2009,
  author    = {Carolina Osorio and Michel Bierlaire},
  journal   = {European Journal of Operational Research},
  title     = {An analytic finite capacity queueing network model capturing the propagation of congestion and blocking},
  year      = {2009},
  month     = {aug},
  number    = {3},
  pages     = {996--1007},
  volume    = {196},
  doi       = {10.1016/j.ejor.2008.04.035},
  publisher = {Elsevier {BV}},
}

@Article{Tirdad2016,
  author    = {Ali Tirdad and Winfried K. Grassmann and Javad Tavakoli},
  journal   = {European Journal of Operational Research},
  title     = {Optimal policies of M(t)/M/c/c queues with two different levels of servers},
  year      = {2016},
  month     = {mar},
  number    = {3},
  pages     = {1124--1130},
  volume    = {249},
  doi       = {10.1016/j.ejor.2015.10.040},
  publisher = {Elsevier {BV}},
}

@Article{Erlang1909,
  author  = {Erlang, Agner K.},
  journal = {Nyt Tidsskrift for Matematik},
  title   = {"Sandsynlighedsregning og Telefonsamtaler" [Probability Calculation and Telephone Conversations]},
  year    = {1909},
  number  = {B},
  pages   = {33–39},
  volume  = {20},
}

@Book{Chaudhry1983,
  author    = {Chaudhry M.L. and Templeton J.G.C.},
  publisher = {Wiley, New York},
  title     = {A first course in bulk queues},
  year      = {1983},
}

@Article{BarLev2007,
  author    = {Shaul K. Bar-Lev and Mahmut Parlar and David Perry and Wolfgang Stadje and Frank A. Van der Duyn Schouten},
  journal   = {European Journal of Operational Research},
  title     = {Applications of bulk queues to group testing models with incomplete identification},
  year      = {2007},
  month     = {nov},
  number    = {1},
  pages     = {226--237},
  volume    = {183},
  doi       = {10.1016/j.ejor.2006.09.086},
  publisher = {Elsevier {BV}},
}

@Article{Zisgen2022,
  author    = {Horst Zisgen},
  journal   = {Operations Research Letters},
  title     = {An approximation of general multi-server queues with bulk arrivals and batch service},
  year      = {2022},
  month     = {jan},
  number    = {1},
  pages     = {57--63},
  volume    = {50},
  doi       = {10.1016/j.orl.2021.12.006},
  publisher = {Elsevier {BV}},
}

@Article{Gupta2004,
  author    = {U.C. Gupta and Karabi Sikdar},
  journal   = {Performance Evaluation},
  title     = {The finite-buffer M/G/1 queue with general bulk-service rule and single vacation},
  year      = {2004},
  month     = {jun},
  number    = {2},
  pages     = {199--219},
  volume    = {57},
  doi       = {10.1016/j.peva.2003.10.004},
  publisher = {Elsevier {BV}},
}

@Article{Bansal2003,
  author    = {Nikhil Bansal},
  journal   = {Operations Research Letters},
  title     = {Analysis of the M/G/1 processor-sharing queue with bulk arrivals},
  year      = {2003},
  month     = {sep},
  number    = {5},
  pages     = {401--405},
  volume    = {31},
  doi       = {10.1016/s0167-6377(03)00029-4},
  publisher = {Elsevier {BV}},
}

@Article{Tadj2003,
  author    = {Lotfi Tadj and Ammar Sarhan},
  journal   = {Chaos, Solitons & Fractals},
  title     = {Effect of the server capacity distribution on the optimal control of a bulk service queueing system},
  year      = {2003},
  month     = {dec},
  number    = {5},
  pages     = {1101--1110},
  volume    = {18},
  doi       = {10.1016/s0960-0779(03)00078-x},
  publisher = {Elsevier {BV}},
}

@Article{CHANG2005,
  author    = {S CHANG and D CHOI},
  journal   = {Computers {\&}amp$\mathsemicolon$ Operations Research},
  title     = {Performance analysis of a finite-buffer discrete-time queue with bulk arrival, bulk service and vacations},
  year      = {2005},
  month     = {sep},
  number    = {9},
  pages     = {2213--2234},
  volume    = {32},
  doi       = {10.1016/s0305-0548(04)00005-x},
  publisher = {Elsevier {BV}},
}

@Article{Reddy1998,
  author    = {G.V. Krishna Reddy and R. Anitha},
  journal   = {Computers {\&}amp$\mathsemicolon$ Operations Research},
  title     = {Markovian bulk service queue with delayed vacations},
  year      = {1998},
  month     = {dec},
  number    = {12},
  pages     = {1159--1166},
  volume    = {25},
  doi       = {10.1016/s0305-0548(98)00003-3},
  publisher = {Elsevier {BV}},
}

@Article{Kok1985,
  author    = {A. G. De Kok and H. C. Tijms},
  journal   = {Journal of Applied Probability},
  title     = {A queueing system with impatient customers},
  year      = {1985},
  month     = {sep},
  number    = {3},
  pages     = {688--696},
  volume    = {22},
  doi       = {10.2307/3213871},
  publisher = {Cambridge University Press ({CUP})},
}

@Article{Barrer1957,
  author    = {D. Y. Barrer},
  journal   = {Operations Research},
  title     = {Queuing with Impatient Customers and Ordered Service},
  year      = {1957},
  month     = {oct},
  number    = {5},
  pages     = {650--656},
  volume    = {5},
  doi       = {10.1287/opre.5.5.650},
  publisher = {Institute for Operations Research and the Management Sciences ({INFORMS})},
}

@InProceedings{Wang2010,
  author    = {Kangzhou Wang and Na Li and Zhibin Jiang},
  booktitle = {Proceedings of 2010 {IEEE} International Conference on Service Operations and Logistics, and Informatics},
  title     = {Queueing system with impatient customers: A review},
  year      = {2010},
  month     = {jul},
  publisher = {{IEEE}},
  doi       = {10.1109/soli.2010.5551611},
}

@Article{Boots1999,
  author    = {Nam Kyoo Boots and Henk Tijms},
  journal   = {Top},
  title     = {{AnM}/M/c queue with impatient customers},
  year      = {1999},
  month     = {dec},
  number    = {2},
  pages     = {213--220},
  volume    = {7},
  doi       = {10.1007/bf02564722},
  publisher = {Springer Science and Business Media {LLC}},
}

@Article{Tocher1963,
  author    = {K. D. Tocher and L. Takacs},
  journal   = {Journal of the Royal Statistical Society. Series A (General)},
  title     = {Introduction to the Theory of Queues.},
  year      = {1963},
  number    = {4},
  pages     = {598},
  volume    = {126},
  doi       = {10.2307/2982587},
  publisher = {{JSTOR}},
}

@Article{Bellhouse2001,
  author    = {D. R Bellhouse},
  journal   = {The American Statistician},
  title     = {The Central Limit Theorem Under Simple Random Sampling},
  year      = {2001},
  month     = {nov},
  number    = {4},
  pages     = {352--357},
  volume    = {55},
  doi       = {10.1198/000313001753272330},
  publisher = {Informa {UK} Limited},
}

@Article{Wu2017,
  author    = {Dong-wen Wu and Yu-meng Li and Fen Wang},
  journal   = {{EBioMedicine}},
  title     = {How Long can we Store Blood Samples: A Systematic Review and Meta-Analysis},
  year      = {2017},
  month     = {oct},
  pages     = {277--285},
  volume    = {24},
  doi       = {10.1016/j.ebiom.2017.09.024},
  publisher = {Elsevier {BV}},
}

@Article{Hur1999,
  author    = {Sun Hur and Seung-Jin Paik},
  journal   = {Applied Mathematical Modelling},
  title     = {The effect of different arrival rates on the N-policy of M/G/1 with server setup},
  year      = {1999},
  month     = {apr},
  number    = {4},
  pages     = {289--299},
  volume    = {23},
  doi       = {10.1016/s0307-904x(98)10088-4},
  publisher = {Elsevier {BV}},
}

@Article{Almehdawe2016,
  author    = {Eman Almehdawe and Beth Jewkes and Qi-Ming He},
  journal   = {Omega},
  title     = {Analysis and optimization of an ambulance offload delay and allocation problem},
  year      = {2016},
  month     = {dec},
  pages     = {148--158},
  volume    = {65},
  doi       = {10.1016/j.omega.2016.01.006},
  publisher = {Elsevier {BV}},
}

@Article{Pollaczek1930,
  author  = {F. Pollaczek},
  journal = {Mathematische Zeitschrift},
  title   = {Über eine Aufgabe der Wahrscheinlichkeitstheorie},
  year    = {1930},
  pages   = {64-100, 729-750},
  volume  = {32},
}

@Article{Yankovic2011,
  author    = {Natalia Yankovic and Linda V. Green},
  journal   = {Operations Research},
  title     = {Identifying Good Nursing Levels: A Queuing Approach},
  year      = {2011},
  month     = {aug},
  number    = {4},
  pages     = {942--955},
  volume    = {59},
  doi       = {10.1287/opre.1110.0943},
  publisher = {Institute for Operations Research and the Management Sciences ({INFORMS})},
}

@Article{Needleman2002,
  author    = {Jack Needleman and Peter Buerhaus and Soeren Mattke and Maureen Stewart and Katya Zelevinsky},
  journal   = {New England Journal of Medicine},
  title     = {Nurse-Staffing Levels and the Quality of Care in Hospitals},
  year      = {2002},
  month     = {may},
  number    = {22},
  pages     = {1715--1722},
  volume    = {346},
  doi       = {10.1056/nejmsa012247},
  publisher = {Massachusetts Medical Society},
}

@Article{Aiken2002,
  author    = {Linda H. Aiken},
  journal   = {{JAMA}},
  title     = {Hospital Nurse Staffing and Patient Mortality, Nurse Burnout, and Job Dissatisfaction},
  year      = {2002},
  month     = {oct},
  number    = {16},
  pages     = {1987},
  volume    = {288},
  doi       = {10.1001/jama.288.16.1987},
  publisher = {American Medical Association ({AMA})},
}

@Article{Bailey1952,
  author    = {Norman T. J. Bailey},
  journal   = {Journal of the Royal Statistical Society: Series B (Methodological)},
  title     = {A Study of Queues and Appointment Systems in Hospital Out-Patient Departments, with Special Reference to Waiting-Times},
  year      = {1952},
  month     = {jul},
  number    = {2},
  pages     = {185--199},
  volume    = {14},
  doi       = {10.1111/j.2517-6161.1952.tb00112.x},
  publisher = {Wiley},
}

@Article{Huang2015,
  author    = {Junfei Huang and Boaz Carmeli and Avishai Mandelbaum},
  journal   = {Operations Research},
  title     = {Control of Patient Flow in Emergency Departments, or Multiclass Queues with Deadlines and Feedback},
  year      = {2015},
  month     = {aug},
  number    = {4},
  pages     = {892--908},
  volume    = {63},
  doi       = {10.1287/opre.2015.1389},
  publisher = {Institute for Operations Research and the Management Sciences ({INFORMS})},
}

@InProceedings{Tan2012,
  author    = {Kar Way Tan and Chao Wang and Hoong Chuin Lau},
  booktitle = {2012 {IEEE} International Conference on Automation Science and Engineering ({CASE})},
  title     = {Improving patient flow in emergency department through dynamic priority queue},
  year      = {2012},
  month     = {aug},
  publisher = {{IEEE}},
  doi       = {10.1109/coase.2012.6386409},
}

@Article{,
  author  = {Erlang, Agner K.},
  journal = {Nyt Tidsskrift for Matematik},
  title   = {"Sandsynlighedsregning og Telefonsamtaler" [Probability Calculation and Telephone Conversations]},
  year    = {1909},
}

@Article{,
  number = {4},
  pages  = {73-84},
  volume = {39},
}

@Article{Erlang1925,
  author  = {Erlang, Agner K.},
  journal = {Revue générale de l'Electricité},
  title   = {"Calcul des probabilités et conversations téléphoniques" [Probability Calculation and Telephone Conversations]},
  year    = {1925},
  number  = {8},
  pages   = {305-309},
  volume  = {18},
}

@Article{Erlang1948,
  author  = {Erlang, Agner K},
  journal = {Transactions of the Danish Academy of Technical Sciences},
  title   = {The Theory of Probabilities and Telephone Conversations},
  year    = {1948},
  pages   = {131-137},
  volume  = {2},
}

@InProceedings{,
  author = {Gordon F. Newell},
  title  = {Applications of queueing theory},
  year   = {1971},
}

@Book{,
  address = {Mineola, New York, USA},
}

@Book{Newell2013,
  author    = {Newell, G. F.},
  publisher = {Chapman and Hall},
  title     = {Applications of queueing theory},
  year      = {1982},
  address   = {New York},
  edition   = {2nd},
}

@Article{,
}

@Article{Pollaczek1931,
  author  = {Pollaczek, F.},
  journal = {Elektrische Nachrichtentechnik},
  title   = {Über zwei Formeln aus der Theorie des Wartens vor Schaltergruppen},
  year    = {1931},
  number  = {8},
  pages   = {256-268},
}

@Article{Vericourt2011,
  author    = {Francis de V{\'{e}}ricourt and Otis B. Jennings},
  journal   = {Operations Research},
  title     = {Nurse Staffing in Medical Units: A Queueing Perspective},
  year      = {2011},
  month     = {dec},
  number    = {6},
  pages     = {1320--1331},
  volume    = {59},
  doi       = {10.1287/opre.1110.0968},
  publisher = {Institute for Operations Research and the Management Sciences ({INFORMS})},
}

@Article{Reiser1975,
  author    = {M. Reiser and H. Kobayashi},
  journal   = {{IBM} Journal of Research and Development},
  title     = {Queuing Networks with Multiple Closed Chains: Theory and Computational Algorithms},
  year      = {1975},
  month     = {may},
  number    = {3},
  pages     = {283--294},
  volume    = {19},
  doi       = {10.1147/rd.193.0283},
  publisher = {{IBM}},
}

@Article{Kemper2014,
  author    = {Benjamin Kemper and Chris A.J. Klaassen and Michel Mandjes},
  journal   = {European Journal of Operational Research},
  title     = {Optimized appointment scheduling},
  year      = {2014},
  month     = {nov},
  number    = {1},
  pages     = {243--255},
  volume    = {239},
  doi       = {10.1016/j.ejor.2014.05.027},
  publisher = {Elsevier {BV}},
}

@InCollection{Green2006,
  author    = {Linda Green},
  booktitle = {International Series in Operations Research {\&}amp$\mathsemicolon$ Management Science},
  publisher = {Springer {US}},
  title     = {Queueing Analysis in Healthcare},
  year      = {2006},
  pages     = {281--307},
  doi       = {10.1007/978-0-387-33636-7_10},
}

@Article{Green2002,
  author    = {Linda V. Green},
  journal   = {{INQUIRY}: The Journal of Health Care Organization, Provision, and Financing},
  title     = {How Many Hospital Beds?},
  year      = {2002},
  month     = {nov},
  number    = {4},
  pages     = {400--412},
  volume    = {39},
  doi       = {10.5034/inquiryjrnl_39.4.400},
  publisher = {{SAGE} Publications},
}

@Book{Neuts1981,
  author    = {Neuts, Marcel. F.},
  publisher = {Dover Publications},
  title     = {Matrix geometric solutions in stochastic methods: an algorithmic approach},
  year      = {1981},
  address   = {Mineola, New York, USA},
}

@Article{Singer2008,
  author    = {Marcos Singer and Patricio Donoso},
  journal   = {Computers {\&}amp$\mathsemicolon$ Operations Research},
  title     = {Assessing an ambulance service with queuing theory},
  year      = {2008},
  month     = {aug},
  number    = {8},
  pages     = {2549--2560},
  volume    = {35},
  doi       = {10.1016/j.cor.2006.12.005},
  publisher = {Elsevier {BV}},
}

@Article{Harrison1991,
  author  = {G.W. Harrison and P.H Millard},
  journal = {Methods of Information in Medicine},
  title   = {Balancing acute and long-term care: themathematics of throughput in departments of geriatric medicine},
  year    = {1991},
  number  = {3},
  pages   = {221-228},
  volume  = {30},
}

@Article{Whitt1994,
  author    = {Ward Whitt},
  journal   = {Annals of Operations Research},
  title     = {Towards better multi-class parametric-decomposition approximations for open queueing networks},
  year      = {1994},
  month     = {jun},
  number    = {3},
  pages     = {221--248},
  volume    = {48},
  doi       = {10.1007/bf02024659},
  publisher = {Springer Science and Business Media {LLC}},
}

@Article{Whitt1983,
  author    = {Ward Whitt},
  journal   = {Bell System Technical Journal},
  title     = {The Queueing Network Analyzer},
  year      = {1983},
  month     = {nov},
  number    = {9},
  pages     = {2779--2815},
  volume    = {62},
  doi       = {10.1002/j.1538-7305.1983.tb03204.x},
  publisher = {Institute of Electrical and Electronics Engineers ({IEEE})},
}

@Article{WHITT2009,
  author    = {Ward Whitt},
  journal   = {Production and Operations Management},
  title     = {{Approximations} {for} {the} {GI}/G/m {queue}},
  year      = {2009},
  month     = {jan},
  number    = {2},
  pages     = {114--161},
  volume    = {2},
  doi       = {10.1111/j.1937-5956.1993.tb00094.x},
  publisher = {Wiley},
}

@Article{Whitt1995,
  author    = {Ward Whitt},
  journal   = {Management Science},
  title     = {Variability Functions for Parametric-Decomposition Approximations of Queueing Networks},
  year      = {1995},
  month     = {oct},
  number    = {10},
  pages     = {1704--1715},
  volume    = {41},
  doi       = {10.1287/mnsc.41.10.1704},
  publisher = {Institute for Operations Research and the Management Sciences ({INFORMS})},
}

@Article{Khintchine1932,
  author  = {A.Y. Khintchine},
  journal = {Matematicheskii Sbornik},
  title   = {Mathematical theory of a stationary queue},
  year    = {1932},
  number  = {4},
  pages   = {73-84},
  volume  = {39},
}

@Article{Kolmogoroff1931,
  author    = {A. Kolmogoroff},
  journal   = {Mathematische Annalen},
  title     = {Über die analytischen Methoden in der Wahrscheinlichkeitsrechnung},
  year      = {1931},
  month     = {dec},
  number    = {1},
  pages     = {415--458},
  volume    = {104},
  doi       = {10.1007/bf01457949},
  publisher = {Springer Science and Business Media {LLC}},
}

@Article{Pardey2006,
  author    = {Toni G. McCallum Pardey},
  journal   = {Australasian Emergency Nursing Journal},
  title     = {The clinical practice of Emergency Department Triage: Application of the Australasian Triage Scale{\textemdash}An extended literature review},
  year      = {2006},
  month     = {dec},
  number    = {4},
  pages     = {155--162},
  volume    = {9},
  doi       = {10.1016/j.aenj.2006.09.003},
  publisher = {Elsevier {BV}},
}

@Article{Rising1973,
  author    = {Edward J. Rising and Robert Baron and Barry Averill},
  journal   = {Operations Research},
  title     = {A Systems Analysis of a University-Health-Service Outpatient Clinic},
  year      = {1973},
  month     = {oct},
  number    = {5},
  pages     = {1030--1047},
  volume    = {21},
  doi       = {10.1287/opre.21.5.1030},
  publisher = {Institute for Operations Research and the Management Sciences ({INFORMS})},
}

@Article{,
  author = {B. Melamed},
  title  = {Characterizations of Poisson Traffic Streams in Jackson Queueing Networks},
  year   = {1977},
}

@TechReport{Melamed1977,
  author      = {B. Melamed},
  institution = {Department of Industrial and Operations Engineering},
  title       = {Characterizations of Poisson Traffic Streams in Jackson Queueing Networks},
  year        = {1977},
  address     = {The University of Michigan},
  month       = mar,
  number      = {77-2},
  type        = {techreport},
}

@Book{,
}

@Book{Gross2008,
  author    = {Gross, Donald},
  publisher = {J. Wiley & Sons},
  title     = {Fundamentals of queueing theory},
  year      = {2008},
  isbn      = {9780471791270},
}

@Article{Harper2002,
  author    = {Paul R. Harper},
  journal   = {Health Care Management Science},
  year      = {2002},
  number    = {3},
  pages     = {165--173},
  volume    = {5},
  doi       = {10.1023/a:1019767900627},
  publisher = {Springer Science and Business Media {LLC}},
}

@Article{Rodrigues2017,
  author    = {L{\'{a}}sara Fabr{\'{\i}}cia Rodrigues and Reinaldo Morabito and Fernando Y. Chiyoshi and Ana Paula Iannoni and Cem Saydam},
  journal   = {Computers & Operations Research},
  title     = {Towards hypercube queuing models for dispatch policies with priority in queue and partial backup},
  year      = {2017},
  month     = {aug},
  pages     = {92--105},
  volume    = {84},
  doi       = {10.1016/j.cor.2017.02.021},
  publisher = {Elsevier {BV}},
}

@Article{Iannoni2011,
  author    = {Ana Paula Iannoni and Reinaldo Morabito and Cem Saydam},
  journal   = {Socio-Economic Planning Sciences},
  title     = {Optimizing large-scale emergency medical system operations on highways using the hypercube queuing model},
  year      = {2011},
  month     = {sep},
  number    = {3},
  pages     = {105--117},
  volume    = {45},
  doi       = {10.1016/j.seps.2010.11.001},
  publisher = {Elsevier {BV}},
}

@Article{Souza2015,
  author    = {Regiane M{\'{a}}ximo de Souza and Reinaldo Morabito and Fernando Y. Chiyoshi and Ana Paula Iannoni},
  journal   = {European Journal of Operational Research},
  title     = {Incorporating priorities for waiting customers in the hypercube queuing model with application to an emergency medical service system in Brazil},
  year      = {2015},
  month     = {apr},
  number    = {1},
  pages     = {274--285},
  volume    = {242},
  doi       = {10.1016/j.ejor.2014.09.056},
  publisher = {Elsevier {BV}},
}

@Article{Morabito2008,
  author    = {Reinaldo Morabito and Fernando Chiyoshi and Roberto D. Galv{\~{a}}o},
  journal   = {Socio-Economic Planning Sciences},
  title     = {Non-homogeneous servers in emergency medical systems: Practical applications using the hypercube queueing model},
  year      = {2008},
  month     = {dec},
  number    = {4},
  pages     = {255--270},
  volume    = {42},
  doi       = {10.1016/j.seps.2007.04.002},
  publisher = {Elsevier {BV}},
}

@Article{Atkinson2008,
  author    = {J.B. Atkinson and I.N. Kovalenko and N. Kuznetsov and K.V. Mykhalevych},
  journal   = {European Journal of Operational Research},
  title     = {A hypercube queueing loss model with customer-dependent service rates},
  year      = {2008},
  month     = {nov},
  number    = {1},
  pages     = {223--239},
  volume    = {191},
  doi       = {10.1016/j.ejor.2007.08.014},
  publisher = {Elsevier {BV}},
}

@Article{Brahimi1991,
  author    = {M. Brahimi and D. J. Worthington},
  journal   = {The Journal of the Operational Research Society},
  title     = {Queueing Models for Out-Patient Appointment Systems -- A Case Study},
  year      = {1991},
  month     = {sep},
  number    = {9},
  pages     = {733},
  volume    = {42},
  doi       = {10.2307/2583656},
  publisher = {{JSTOR}},
}

@Article{Dittus1996,
  author  = {Robert S. Dittus and Robert W. Klein and David J. DeBrota and Mark A. Dame and John F. Fitzgerald},
  journal = {Management Science},
  title   = {Medical Resident Work Schedules: Design and Evaluation by Simulation Modeling},
  year    = {1996},
  month   = jun,
  number  = {6},
  pages   = {891-906},
  volume  = {42},
}

@Article{Lindley1952,
  author    = {D. V. Lindley},
  journal   = {Mathematical Proceedings of the Cambridge Philosophical Society},
  title     = {The theory of queues with a single server},
  year      = {1952},
  month     = {apr},
  number    = {2},
  pages     = {277--289},
  volume    = {48},
  doi       = {10.1017/s0305004100027638},
  publisher = {Cambridge University Press ({CUP})},
}


@Article{Bard2005,
  author    = {Jonathan F. Bard and Hadi W. Purnomo},
  journal   = {Health Care Management Science},
  title     = {Short-Term Nurse Scheduling in Response to Daily Fluctuations in Supply and Demand},
  year      = {2005},
  month     = {nov},
  number    = {4},
  pages     = {315--324},
  volume    = {8},
  doi       = {10.1007/s10729-005-4141-9},
  publisher = {Springer Science and Business Media {LLC}},
}

@Comment{jabref-meta: databaseType:bibtex;}
